@misc{talan,
  title = {Talan Locations},
  howpublished = "\url{https://talan.com/en/}",
  note = "Accessed: 07/01/2022"
}

@misc{unity,
  title = {Unity},
  howpublished = "\url{https://bit.ly/3E2KSN0}",
  note="Accessed: 07/01/2022"
}

@misc{Photon,
  title = {Photon},
  howpublished = "\url{https://bit.ly/3xZsTTR}",
  note="Accessed: 07/27/2022"
}

@misc{blender,
  title = {Blender},
  howpublished = "\url{https://bit.ly/2A4O5uc}",
  note="Accessed: 08/05/2022"
}

@misc{decentraland,
  title = {Decentraland},
  howpublished = "\url{https://bit.ly/3ynm5Qj}",
  note="Accessed: 07/20/2022"
}

@misc{sandbox,
  title = {The Sandbox},
  howpublished = "\url{https://bit.ly/3e7GmlS}",
  note="Accessed: 07/20/2022"
}